<record><leader>00000cas a2200000 a 4500</leader><controlfield tag="001">10889392</controlfield><controlfield tag="008">840627c18uu9999iluwr ne      0   a0eng c</controlfield><datafield ind1=" " ind2=" " tag="010"><subfield code="a">sn 84006260 </subfield></datafield><datafield ind1=" " ind2=" " tag="040"><subfield code="a">NSD</subfield><subfield code="b">eng</subfield><subfield code="c">NSD</subfield><subfield code="d">NVF</subfield><subfield code="d">OCL</subfield><subfield code="d">NVF</subfield><subfield code="d">OCLCQ</subfield><subfield code="d">NVF</subfield><subfield code="d">OCLCQ</subfield><subfield code="d">OCLCF</subfield><subfield code="d">OCLCO</subfield></datafield><datafield ind1="1" ind2=" " tag="022"><subfield code="a">0747-458X</subfield><subfield code="l">0747-458X</subfield><subfield code="2">1</subfield></datafield><datafield ind1="1" ind2=" " tag="029"><subfield code="a">AU@</subfield><subfield code="b">000026851415</subfield></datafield><datafield ind1=" " ind2=" " tag="032"><subfield code="a">367420</subfield><subfield code="b">USPS</subfield></datafield><datafield ind1=" " ind2=" " tag="042"><subfield code="a">nsdp</subfield><subfield code="a">pcc</subfield></datafield><datafield ind1=" " ind2=" " tag="043"><subfield code="a">n-us-il</subfield></datafield><datafield ind1=" " ind2="4" tag="222"><subfield code="a">The Mount Olive herald</subfield></datafield><datafield ind1="0" ind2="0" tag="245"><subfield code="a">Mount Olive herald.</subfield></datafield><datafield ind1="3" ind2=" " tag="246"><subfield code="a">Mt. Olive herald</subfield></datafield><datafield ind1=" " ind2=" " tag="260"><subfield code="a">Mount Olive, Ill. :</subfield><subfield code="b">M.S. Clyde</subfield></datafield><datafield ind1=" " ind2=" " tag="300"><subfield code="a">v.</subfield></datafield><datafield ind1=" " ind2=" " tag="310"><subfield code="a">Weekly</subfield></datafield><datafield ind1="0" ind2=" " tag="362"><subfield code="a">-v. 35, no. 40 (Mar. 20, 1915) ; v. 36, no. 40 (Mar. 27, 1915) ; v. 37, no. 40 (Apr. 3, 1915)-</subfield></datafield><datafield ind1=" " ind2=" " tag="588"><subfield code="a">Description based on: Vol. 13, no. 29 (Dec. 31, 1892).</subfield></datafield><datafield ind1=" " ind2="0" tag="651"><subfield code="a">Mount Olive (Ill.)</subfield><subfield code="v">Newspapers.</subfield></datafield><datafield ind1=" " ind2="7" tag="655"><subfield code="a">Newspapers.</subfield><subfield code="2">fast</subfield><subfield code="0">(OCoLC)fst01423814</subfield></datafield><datafield ind1=" " ind2="7" tag="651"><subfield code="a">Illinois</subfield><subfield code="z">Mount Olive.</subfield><subfield code="2">fast</subfield><subfield code="0">(OCoLC)fst01270022</subfield></datafield><datafield ind1=" " ind2=" " tag="752"><subfield code="a">United States</subfield><subfield code="b">Illinois</subfield><subfield code="c">Macoupin</subfield><subfield code="d">Mount Olive.</subfield></datafield></record>